%% This BibTeX bibliography file was created using BibDesk.
%% https://bibdesk.sourceforge.io/

%% Created for Zhao xiang Ding at 2024-11-10 13:33:19 -0500 


%% Saved with string encoding Unicode (UTF-8) 



@article{Hitsman_2023,
	author = {Hitsman, Brian and Papandonatos, George D. and Gollan, Jacqueline K. and Huffman, Mark D. and Niaura, Raymond and Mohr, David C. and Veluz‐Wilkins, Anna K. and Lubitz, Su Fen and Hole, Anita and Leone, Frank T. and Khan, Sadiya S. and Fox, Erica N. and Bauer, Anna‐Marika and Wileyto, E. Paul and Bastian, Joseph and Schnoll, Robert A.},
	date-added = {2024-11-09 15:46:08 -0500},
	date-modified = {2024-11-09 15:46:08 -0500},
	doi = {10.1111/add.16209},
	issn = {1360-0443},
	journal = {Addiction},
	month = may,
	number = {9},
	pages = {1710--1725},
	publisher = {Wiley},
	title = {Efficacy and safety of combination behavioral activation for smoking cessation and varenicline for treating tobacco dependence among individuals with current or past major depressive disorder: A 2 × 2 factorial, randomized, placebo‐controlled trial},
	url = {http://dx.doi.org/10.1111/add.16209},
	volume = {118},
	year = {2023},
	bdsk-url-1 = {http://dx.doi.org/10.1111/add.16209}}
