%% This BibTeX bibliography file was created using BibDesk.
%% https://bibdesk.sourceforge.io/

%% Created for Zhao xiang Ding at 2024-12-10 14:09:07 -0500 


%% Saved with string encoding Unicode (UTF-8) 



@article{Nikolaidis_2017,
	author = {Nikolaidis, Pantelis Theodoros and Knechtle, Beat},
	date-added = {2024-12-10 11:15:02 -0500},
	date-modified = {2024-12-10 11:15:02 -0500},
	doi = {10.2147/oajsm.s141649},
	issn = {1179-1543},
	journal = {Open Access Journal of Sports Medicine},
	month = aug,
	pages = {171--180},
	publisher = {Informa UK Limited},
	title = {Effect of age and performance on pacing of marathon runners},
	url = {http://dx.doi.org/10.2147/OAJSM.S141649},
	volume = {Volume 8},
	year = {2017},
	bdsk-url-1 = {http://dx.doi.org/10.2147/OAJSM.S141649}}

@article{Vihma_2009,
	author = {Vihma, Timo},
	date-added = {2024-12-10 11:00:01 -0500},
	date-modified = {2024-12-10 11:00:01 -0500},
	doi = {10.1007/s00484-009-0280-x},
	issn = {1432-1254},
	journal = {International Journal of Biometeorology},
	month = nov,
	number = {3},
	pages = {297--306},
	publisher = {Springer Science and Business Media LLC},
	title = {Effects of weather on the performance of marathon runners},
	url = {http://dx.doi.org/10.1007/s00484-009-0280-x},
	volume = {54},
	year = {2009},
	bdsk-url-1 = {http://dx.doi.org/10.1007/s00484-009-0280-x}}

@article{Knechtle_2021,
	author = {Knechtle, Beat and McGrath, Carlyn and Goncerz, Olivia and Villiger, Elias and Nikolaidis, Pantelis Theodoros and Marcin, Thimo and Sousa, Caio Victor},
	date-added = {2024-12-10 10:47:41 -0500},
	date-modified = {2024-12-10 10:47:41 -0500},
	doi = {10.3389/fphys.2021.665761},
	issn = {1664-042X},
	journal = {Frontiers in Physiology},
	month = may,
	publisher = {Frontiers Media SA},
	title = {The Role of Environmental Conditions on Master Marathon Running Performance in 1,280,557 Finishers the `New York City Marathon' From 1970 to 2019},
	url = {http://dx.doi.org/10.3389/fphys.2021.665761},
	volume = {12},
	year = {2021},
	bdsk-url-1 = {http://dx.doi.org/10.3389/fphys.2021.665761}}

@article{ELY_2007,
	author = {ELY, MATTHEW R. and CHEUVRONT, SAMUEL N. and ROBERTS, WILLIAM O. and MONTAIN, SCOTT J.},
	date-added = {2024-12-10 10:47:12 -0500},
	date-modified = {2024-12-10 10:47:12 -0500},
	doi = {10.1249/mss.0b013e31802d3aba},
	issn = {0195-9131},
	journal = {Medicine &amp; Science in Sports &amp; Exercise},
	month = mar,
	number = {3},
	pages = {487--493},
	publisher = {Ovid Technologies (Wolters Kluwer Health)},
	title = {Impact of Weather on Marathon-Running Performance},
	url = {http://dx.doi.org/10.1249/mss.0b013e31802d3aba},
	volume = {39},
	year = {2007},
	bdsk-url-1 = {http://dx.doi.org/10.1249/mss.0b013e31802d3aba}}

@article{DEANER_2015,
	author = {DEANER, ROBERT O. and CARTER, RICKEY E. and JOYNER, MICHAEL J. and HUNTER, SANDRA K.},
	date-added = {2024-12-10 10:46:15 -0500},
	date-modified = {2024-12-10 10:46:15 -0500},
	doi = {10.1249/mss.0000000000000432},
	issn = {0195-9131},
	journal = {Medicine &amp; Science in Sports &amp; Exercise},
	month = mar,
	number = {3},
	pages = {607--616},
	publisher = {Ovid Technologies (Wolters Kluwer Health)},
	title = {Men Are More Likely than Women to Slow in the Marathon},
	url = {http://dx.doi.org/10.1249/MSS.0000000000000432},
	volume = {47},
	year = {2015},
	bdsk-url-1 = {http://dx.doi.org/10.1249/MSS.0000000000000432}}

@article{Kenney_2003,
	author = {Kenney, W. Larry and Munce, Thayne A.},
	date-added = {2024-12-10 10:44:31 -0500},
	date-modified = {2024-12-10 10:44:31 -0500},
	doi = {10.1152/japplphysiol.00202.2003},
	issn = {1522-1601},
	journal = {Journal of Applied Physiology},
	month = dec,
	number = {6},
	pages = {2598--2603},
	publisher = {American Physiological Society},
	title = {Invited Review: Aging and human temperature regulation},
	url = {http://dx.doi.org/10.1152/japplphysiol.00202.2003},
	volume = {95},
	year = {2003},
	bdsk-url-1 = {http://dx.doi.org/10.1152/japplphysiol.00202.2003}}

@comment{BibDesk Static Groups{
<?xml version="1.0" encoding="UTF-8"?>
<!DOCTYPE plist PUBLIC "-//Apple//DTD PLIST 1.0//EN" "http://www.apple.com/DTDs/PropertyList-1.0.dtd">
<plist version="1.0">
<array>
	<dict>
		<key>group name</key>
		<string>W. L. Kenney</string>
		<key>keys</key>
		<string>Kenney_2003,DEANER_2015,ELY_2007,Knechtle_2021,Vihma_2009,Nikolaidis_2017</string>
	</dict>
</array>
</plist>
}}
